@misc{Jaderberg2017,
    Author = {Max Jaderberg and Valentin Dalibard and Simon Osindero and Wojciech M. Czarnecki and Jeff Donahue and Ali Razavi and Oriol Vinyals and Tim Green and Iain Dunning and Karen Simonyan and Chrisantha Fernando and Koray Kavukcuoglu},
    Title = {Population Based Training of Neural Networks},
    Year = {2017},
    Eprint = {arXiv:1711.09846},
}

@misc{Hinton2017,
Author = {Sara Sabour and Nicholas Frosst and Geoffrey E Hinton},
Title = {Dynamic Routing Between Capsules},
Year = {2017},
Eprint = {arXiv:1710.09829},
}

@Article{Mnih2015,
    author={Mnih, Volodymyr
    and Kavukcuoglu, Koray
    and Silver, David
    and Rusu, Andrei A.
    and Veness, Joel
    and Bellemare, Marc G.
    and Graves, Alex
    and Riedmiller, Martin
    and Fidjeland, Andreas K.
    and Ostrovski, Georg
    and Petersen, Stig
    and Beattie, Charles
    and Sadik, Amir
    and Antonoglou, Ioannis
    and King, Helen
    and Kumaran, Dharshan
    and Wierstra, Daan
    and Legg, Shane
    and Hassabis, Demis},
    title={Human-level control through deep reinforcement learning},
    journal={Nature},
    year={2015},
    month={Feb},
    day={25},
    publisher={Nature Publishing Group, a division of Macmillan Publishers Limited. All Rights Reserved. SN  -},
    volume={518},
    pages={529 EP  -},
    url={http://dx.doi.org/10.1038/nature14236}
}

